<?xml version="1.0" encoding="UTF-8"?><collection xmlns="http://www.loc.gov/MARC21/slim"><record><leader>00443nam--2200169-i-4500</leader><controlfield tag="001">000032596</controlfield><controlfield tag="002">20161230</controlfield><controlfield tag="005">20161230201039</controlfield><controlfield tag="008">060222s1000------------r-----000-0-eng-d</controlfield><datafield ind1=" " ind2=" " tag="040"><subfield code="a">IFIN-HH</subfield></datafield><datafield ind1=" " ind2=" " tag="080"><subfield code="a">801.323.2=590=690</subfield></datafield><datafield ind1="1" ind2=" " tag="100"><subfield code="a">Mocanu, Pavel</subfield></datafield><datafield ind1="1" ind2="0" tag="245"><subfield code="a">Ghid de converstie roman-portughez</subfield><subfield code="c">Pavel mocanu</subfield></datafield><datafield ind1=" " ind2=" " tag="260"><subfield code="a">Bucuresti</subfield><subfield code="b">Editura Sport-turism</subfield><subfield code="c">1984</subfield></datafield><datafield ind1=" " ind2=" " tag="300"><subfield code="a">135P</subfield></datafield><datafield ind1=" " ind2=" " tag="852"><subfield code="a">D.613</subfield><subfield code="c">SLCH</subfield></datafield><datafield ind1=" " ind2=" " tag="CAT"><subfield code="a">Sys</subfield><subfield code="c">20130305</subfield><subfield code="h">131410</subfield></datafield></record></collection>